@misc{python.org,
  title="Welcome to Python.org",
  year="2014",
  howpublished="\url{http://www.python.org}",
  note="online, accesed July 2014"
}

@misc{almaobservatory.org,
  title="Atacama Large Millimeter/submillimeter Array (ALMA)",
  year="2014",
  howpublished="\url{http://www.almaobservatory.org}",
  note="online, accesed July 2014"
}

@article{york2000sloan,
  title={The sloan digital sky survey: Technical summary},
  author={York, Donald G and Adelman, J and Anderson Jr, John E and Anderson, Scott F and Annis, James and Bahcall, Neta A and Bakken, JA and Barkhouser, Robert and Bastian, Steven and Berman, Eileen and others},
  journal={The Astronomical Journal},
  volume={120},
  number={3},
  pages={1579},
  year={2000},
  publisher={IOP Publishing}
}

@inproceedings{srikant1995mining,
  title={Mining generalized association rules},
  author={Srikant, Ramakrishnan and Agrawal, Rakesh},
  booktitle={VLDB},
  volume={95},
  pages={407--419},
  year={1995}
}

@inproceedings{agrawal1993mining,
  title={Mining association rules between sets of items in large databases},
  author={Agrawal, Rakesh and Imieli{\'n}ski, Tomasz and Swami, Arun},
  booktitle={ACM SIGMOD Record},
  volume={22},
  number={2},
  pages={207--216},
  year={1993},
  organization={ACM}
}
@inproceedings{agrawal1994fast,
  title={Fast algorithms for mining association rules},
  author={Agrawal, Rakesh and Srikant, Ramakrishnan and others},
  booktitle={Proc. 20th int. conf. very large data bases, VLDB},
  volume={1215},
  pages={487--499},
  year={1994}
}
@inproceedings{agrawal1995mining,
  title={Mining sequential patterns},
  author={Agrawal, Rakesh and Srikant, Ramakrishnan},
  booktitle={Data Engineering, 1995. Proceedings of the Eleventh International Conference on},
  pages={3--14},
  year={1995},
  organization={IEEE}
}
@article{savasere1995efficient,
  title={An efficient algorithm for mining association rules in large databases},
  author={Savasere, Ashok and Omiecinski, Edward Robert and Navathe, Shamkant B},
  year={1995},
  publisher={Georgia Institute of Technology}
}
@inproceedings{brin1997dynamic,
  title={Dynamic itemset counting and implication rules for market basket data},
  author={Brin, Sergey and Motwani, Rajeev and Ullman, Jeffrey D and Tsur, Shalom},
  booktitle={ACM SIGMOD Record},
  volume={26},
  number={2},
  pages={255--264},
  year={1997},
  organization={ACM}
}
@book{park1995effective,
  title={An effective hash-based algorithm for mining association rules},
  author={Park, Jong Soo and Chen, Ming-Syan and Yu, Philip S},
  volume={24},
  number={2},
  year={1995},
  publisher={ACM}
}
@inproceedings{srikant1996mining,
  title={Mining quantitative association rules in large relational tables},
  author={Srikant, Ramakrishnan and Agrawal, Rakesh},
  booktitle={ACM SIGMOD Record},
  volume={25},
  number={2},
  pages={1--12},
  year={1996},
  organization={ACM}
}
@inproceedings{brin1997beyond,
  title={Beyond market baskets: Generalizing association rules to correlations},
  author={Brin, Sergey and Motwani, Rajeev and Silverstein, Craig},
  booktitle={ACM SIGMOD Record},
  volume={26},
  number={2},
  pages={265--276},
  year={1997},
  organization={ACM}
}
@article{han2004mining,
  title={Mining frequent patterns without candidate generation: A frequent-pattern tree approach},
  author={Han, Jiawei and Pei, Jian and Yin, Yiwen and Mao, Runying},
  journal={Data mining and knowledge discovery},
  volume={8},
  number={1},
  pages={53--87},
  year={2004},
  publisher={Springer}
}
@inproceedings{wang2000efficient,
  title={Efficient mining of weighted association rules (WAR)},
  author={Wang, Wei and Yang, Jiong and Yu, Philip S},
  booktitle={Proceedings of the sixth ACM SIGKDD international conference on Knowledge discovery and data mining},
  pages={270--274},
  year={2000},
  organization={ACM}
}
@inproceedings{cai1998mining,
  title={Mining association rules with weighted items},
  author={Cai, Chun Hing and Fu, Ada Wai-Chee and Cheng, CH and Kwong, WW},
  booktitle={Database Engineering and Applications Symposium, 1998. Proceedings. IDEAS'98. International},
  pages={68--77},
  year={1998},
  organization={IEEE}
}
@article{vskoda2011searching,
  title={Searching of New Emission-Line Stars using the Astroinformatics Approach},
  author={{\v{S}}koda, Petr and V{\'a}{\v{z}}n{\`y}, Jaroslav},
  journal={arXiv preprint arXiv:1112.2775},
  year={2011}
}
@article{evfimievski2004privacy,
  title={Privacy preserving mining of association rules},
  author={Evfimievski, Alexandre and Srikant, Ramakrishnan and Agrawal, Rakesh and Gehrke, Johannes},
  journal={Information Systems},
  volume={29},
  number={4},
  pages={343--364},
  year={2004},
  publisher={Elsevier}
}
@article{lee2000framework,
  title={A framework for constructing features and models for intrusion detection systems},
  author={Lee, Wenke and Stolfo, Salvatore J},
  journal={ACM transactions on Information and system security (TiSSEC)},
  volume={3},
  number={4},
  pages={227--261},
  year={2000},
  publisher={ACM}
}
@article{han2007frequent,
  title={Frequent pattern mining: current status and future directions},
  author={Han, Jiawei and Cheng, Hong and Xin, Dong and Yan, Xifeng},
  journal={Data Mining and Knowledge Discovery},
  volume={15},
  number={1},
  pages={55--86},
  year={2007},
  publisher={Springer}
}
@article{romero2007educational,
  title={Educational data mining: A survey from 1995 to 2005},
  author={Romero, Crist{\'o}bal and Ventura, Sebastian},
  journal={Expert Systems with Applications},
  volume={33},
  number={1},
  pages={135--146},
  year={2007},
  publisher={Elsevier}
}
@article{patcha2007overview,
  title={An overview of anomaly detection techniques: Existing solutions and latest technological trends},
  author={Patcha, Animesh and Park, Jung-Min},
  journal={Computer Networks},
  volume={51},
  number={12},
  pages={3448--3470},
  year={2007},
  publisher={Elsevier}
}
@article{romero2008data,
  title={Data mining in course management systems: Moodle case study and tutorial},
  author={Romero, Crist{\'o}bal and Ventura, Sebasti{\'a}n and Garc{\'\i}a, Enrique},
  journal={Computers \& Education},
  volume={51},
  number={1},
  pages={368--384},
  year={2008},
  publisher={Elsevier}
}
@inproceedings{dehaspe1998finding,
  title={Finding Frequent Substructures in Chemical Compounds.},
  author={Dehaspe, Luc and Toivonen, Hannu and King, Ross D},
  booktitle={KDD},
  volume={98},
  pages={1998},
  year={1998}
}
@inproceedings{ghinita2008private,
  title={Private queries in location based services: anonymizers are not necessary},
  author={Ghinita, Gabriel and Kalnis, Panos and Khoshgozaran, Ali and Shahabi, Cyrus and Tan, Kian-Lee},
  booktitle={Proceedings of the 2008 ACM SIGMOD international conference on Management of data},
  pages={121--132},
  year={2008},
  organization={ACM}
}
@article{ferragina2008personalized,
  title={A personalized search engine based on Web-snippet hierarchical clustering},
  author={Ferragina, Paolo and Gulli, Antonio},
  journal={Software: Practice and Experience},
  volume={38},
  number={2},
  pages={189--225},
  year={2008},
  publisher={Wiley Online Library}
}
@inproceedings{estan2003automatically,
  title={Automatically inferring patterns of resource consumption in network traffic},
  author={Estan, Cristian and Savage, Stefan and Varghese, George},
  booktitle={Proceedings of the 2003 conference on Applications, technologies, architectures, and protocols for computer communications},
  pages={137--148},
  year={2003},
  organization={ACM}
}
@inproceedings{li2008tag,
  title={Tag-based social interest discovery},
  author={Li, Xin and Guo, Lei and Zhao, Yihong Eric},
  booktitle={Proceedings of the 17th international conference on World Wide Web},
  pages={675--684},
  year={2008},
  organization={ACM}
}
@article{cohen2007associative,
  title={Associative search in peer to peer networks: Harnessing latent semantics},
  author={Cohen, Edith and Fiat, Amos and Kaplan, Haim},
  journal={Computer Networks},
  volume={51},
  number={8},
  pages={1861--1881},
  year={2007},
  publisher={Elsevier}
}
@inproceedings{zaki1998theoretical,
  title={Theoretical foundations of association rules},
  author={Zaki, Mohammed Javeed and Ogihara, Mitsunori},
  booktitle={3rd ACM SIGMOD Workshop on Research Issues in Data Mining and Knowledge Discovery},
  pages={71--78},
  year={1998},
  organization={Citeseer}
}
@inproceedings{kramer2001molecular,
  title={Molecular feature mining in HIV data},
  author={Kramer, Stefan and De Raedt, Luc and Helma, Christoph},
  booktitle={Proceedings of the seventh ACM SIGKDD international conference on Knowledge discovery and data mining},
  pages={136--143},
  year={2001},
  organization={ACM}
}
@article{carmona2007genecodis,
  title={GENECODIS: a web-based tool for finding significant concurrent annotations in gene lists},
  author={Carmona-Saez, Pedro and Chagoyen, Monica and Tirado, Francisco and Carazo, Jose M and Pascual-Montano, Alberto},
  journal={Genome biology},
  volume={8},
  number={1},
  pages={R3},
  year={2007},
  publisher={BioMed Central Ltd}
}
@article{chandola2009anomaly,
  title={Anomaly detection: A survey},
  author={Chandola, Varun and Banerjee, Arindam and Kumar, Vipin},
  journal={ACM Computing Surveys (CSUR)},
  volume={41},
  number={3},
  pages={15},
  year={2009},
  publisher={ACM}
}
@article{karabatak2009expert,
  title={An expert system for detection of breast cancer based on association rules and neural network},
  author={Karabatak, Murat and Ince, M Cevdet},
  journal={Expert Systems with Applications},
  volume={36},
  number={2},
  pages={3465--3469},
  year={2009},
  publisher={Elsevier}
}
@inproceedings{davidson2010youtube,
  title={The YouTube video recommendation system},
  author={Davidson, James and Liebald, Benjamin and Liu, Junning and Nandy, Palash and Van Vleet, Taylor and Gargi, Ullas and Gupta, Sujoy and He, Yu and Lambert, Mike and Livingston, Blake and others},
  booktitle={Proceedings of the fourth ACM conference on Recommender systems},
  pages={293--296},
  year={2010},
  organization={ACM}
}
@incollection{kobilarov2009media,
  title={Media meets semantic web--how the bbc uses dbpedia and linked data to make connections},
  author={Kobilarov, Georgi and Scott, Tom and Raimond, Yves and Oliver, Silver and Sizemore, Chris and Smethurst, Michael and Bizer, Christian and Lee, Robert},
  booktitle={The semantic web: research and applications},
  pages={723--737},
  year={2009},
  publisher={Springer}
}
@article{chaves2011efficient,
  title={Efficient mining of association rules for the early diagnosis of Alzheimer's disease},
  author={Chaves, R and G{\'o}rriz, JM and Ram{\'\i}rez, J and Ill{\'a}n, IA and Salas-Gonzalez, D and G{\'o}mez-R{\'\i}o, M},
  journal={Physics in medicine and biology},
  volume={56},
  number={18},
  pages={6047},
  year={2011},
  publisher={IOP Publishing}
}
@inproceedings{bodon2010fast,
  title={A fast apriori implementation},
  author={Bodon, Ferenc},
  booktitle={Proceedings of the IEEE ICDM workshop on frequent itemset mining implementations (FIMI’03)},
  volume={90},
  year={2010}
}
@article{iqbal2013unified,
  title={A unified data mining solution for authorship analysis in anonymous textual communications},
  author={Iqbal, Farkhund and Binsalleeh, Hamad and Fung, Benjamin and Debbabi, Mourad},
  journal={Information Sciences},
  volume={231},
  pages={98--112},
  year={2013},
  publisher={Elsevier}
}
@article{wootten2009atacama,
  title={The Atacama large millimeter/submillimeter array},
  author={Wootten, Alwyn and Thompson, A Richard},
  journal={Proceedings of the IEEE},
  volume={97},
  number={8},
  pages={1463--1471},
  year={2009},
  publisher={IEEE}
}
@book{harrington2012machine,
 author = {Harrington, Peter},
 title = {Machine Learning in Action},
 year = {2012},
 isbn = {1617290181, 9781617290183},
 publisher = {Manning Publications Co.},
 address = {Greenwich, CT, USA},
}